@book{clarke2009sql,
  title={SQL injection attacks and defense},
  author={Clarke-Salt, Justin},
  year={2009},
  publisher={Elsevier}
}

@article{ramesh2023hybrid,
  title={A hybrid methodology with learning based approach for protecting systems from DDoS attacks},
  author={Ramesh, G and Gorantla, Venkata Ashok K and Gude, Venkataramaiah},
  journal={Journal of Discrete Mathematical Sciences and Cryptography},
  volume={26},
  number={5},
  pages={1317--1325},
  year={2023}
}

@inproceedings{mitra2021prevention,
  title={Prevention of the man-in-the-middle attack on Diffie--Hellman key exchange algorithm: A review},
  author={Mitra, Samrat and Das, Samanwita and Kule, Malay},
  booktitle={Proceedings of international conference on frontiers in computing and systems: COMSYS 2020},
  pages={625--635},
  year={2021},
  organization={Springer}
}

@article{alshamrani2019survey,
  title={A survey on advanced persistent threats: Techniques, solutions, challenges, and research opportunities},
  author={Alshamrani, Adel and Myneni, Sowmya and Chowdhary, Ankur and Huang, Dijiang},
  journal={IEEE Communications Surveys \& Tutorials},
  volume={21},
  number={2},
  pages={1851--1877},
  year={2019},
  publisher={IEEE}
}

@inproceedings{alotaibi2018review,
  title={A review of BYOD security challenges, solutions and policy best practices},
  author={Alotaibi, Bashayer and Almagwashi, Haya},
  booktitle={2018 1st International Conference on Computer Applications \& Information Security (ICCAIS)},
pages={1--6},
  year={2018},
  organization={IEEE}
}

@inproceedings{cheng2019exploitation,
title={Exploitation techniques and defenses for data-oriented attacks},
  author={Cheng, Long and Liljestrand, Hans and Ahmed, Md Salman and Nyman, Thomas and Jaeger, Trent and Asokan, N and Yao, Danfeng},
  booktitle={2019 IEEE Cybersecurity Development (SecDev)},
  pages={114--128},
  year={2019},
  organization={IEEE}
}

@incollection{kuznetzov2018code,
  title={Code-pointer integrity},
  author={Kuznetzov, Volodymyr and Szekeres, L{\'a}szl{\'o} and Payer, Mathias and Candea, George and Sekar, R and Song, Dawn},
  booktitle={The Continuing Arms Race: Code-Reuse Attacks and Defenses},
  pages={81--116},
  year={2018}
}
